@preamble{"\def\acro#1{#1}"} % no consistent \acro


@String{pub-AW                  = "Ad{\-d}i{\-s}on-Wes{\-l}ey"}
@String{pub-AW:adr              = "Boston, MA, USA"}


@manual{feasibility-study,
  author =       "Frank Mittelbach and Ulrike Fischer and Chris Rowley",
  organization =       "{\LaTeX\ Project}",
  title =        "{\LaTeX\ Tagged \PDF\ Feasibility Evaluation}",
  year =         "2020",
  month = sep,
  note = "\url{https://latex-project.org/publications/indexbyyear/2020/}",
}


@misc{latex-project-website,
  author =       "{{\LaTeX{} Project Team}}",
  title =        "{Website of the \LaTeX{} Project}",
  note = "\url{https://latex-project.org/}",
}



@misc{deims2024,
  author =       "{DEIMS~2024}",
  title =        "{Website of the \emph{5th International Workshop on
Digitization and E-Inclusion in Mathematics and Science 2024}, Nihon University, Tokyo, Japan}",
  year = {2024},
  month = feb,
  note = "\url{https://workshop.sciaccess.net/deims2024/}",
}


@misc{PDFA,
  author =       "{{PDF Association (PDFA)}}",
  title =        "{Website of the PDF association}",
  note = "\url{https://pdfa.org/}",
}



% pdf-ua-standard = ISO14289-1:2014,pdf-ua-nutshell

@manual{ISO14289-1:2014,
  Xauthor={{ISO}},
  key={ISO},
  title =   {ISO 14289-1:2014; 
             Document management applications  — 
                  Electronic document file format enhancement for 
                  accessibility\Dash 1: Use of ISO 32000-1 (PDF/UA-1)},
  year = {2014},
  edition={2nd},
  url={https://www.iso.org/standard/64599.html},
  note= {\url{https://www.iso.org/standard/64599.html}}
}

@manual{ISO14289-2:2024,
  Xauthor={{ISO}},
  key={ISO},
  title =   {ISO/FDIS 14289-2;
             Document management applications  — 
                  Electronic document file format enhancement for 
                  accessibility\Dash Part 2: Use of ISO 32000-2 (PDF/UA-2)},
  year = {2024},
  edition={1st},
  url={https://www.iso.org/standard/82278.html},
  note= {\url{https://www.iso.org/standard/82278.html}}
}

@manual{pdfspec-iso32005_2023,
  Xauthor={{ISO}},
  key={ISO},
  title={ISO/TS 32005:2023;
         Document management — Portable Document Format — PDF 1.7 and 2.0 structure namespace inclusion in ISO 32000-2},
  date={2023-07},
  year={2023},
  edition={1st},
  url={https://iso.org/en/contents/data/standard/04/58/45878.html},
  urldate={2023-07-23},
  note={\url{https://iso.org/en/contents/data/standard/04/58/45878.html}},
}


@manual{pdfspec-iso32000-2_2020,
  author={{ISO}},
  title={ISO 32000-2:2020(en);
         Document management — Portable document format — Part 2: PDF 2.0},
  date={2020-12},
  year={2020},
  edition={2nd},
  url={https://iso.org/en/contents/data/standard/07/58/75839.html},
  urldate={2023-07-23},
  note={\url{https://iso.org/en/contents/data/standard/07/58/75839.html}},
}

@manual{pdf-ua-nutshell,
  title = "{\acro{PDF/UA} in a Nutshell\Dash Accessible documents with \PDF{}}",
  author = "Olaf Drümmer and Bettina Chang",
  organization = "{\PDF\ Association}",
  year = 2013,
  month = aug,
  note = "\url{https://pdfa.org/resource/pdfua-in-a-nutshell/}"
}
 

@book{TLC3,
  title = "{The \LaTeX{} Companion}",
  author = "Frank Mittelbach and Ulrike Fischer",
  year = 2023,
  isbn = "978-0-13-816648-9",
  publisher =    pub-AW,
  address =      pub-AW:adr,
  edition =      "Third",
}  

@Book{Lamport:1994,
  author =       "Leslie Lamport",
  title =        "{\LaTeX}: A Document Preparation System: User's Guide
                 and Reference Manual",
  publisher =     {Addison Wesley},
  year =         "1994",
  edition={2nd}
}

@inproceedings
{
	Soiffer:deims2021,
	author       = {Neil Soiffer},
    booktitle    = {The 4th International Workshop on Digitization and E-Inclusion in Mathematics and Science 2021},
	title        = {Accessible {PDF}: $2\not>1$},
	location     = {Tokyo},
	publisher    = {The DEIMS2021 Organizing Committee},
	year         = 2021,
	note         = {\url{https://workshop.sciaccess.net/deims2021/DEIMS2021_Proceedings.zip}}
}
